@article{Aad:2011hd,
      author         = "Aad, Georges and others",
      title          = "{Kshort and $\Lambda$ production in $pp$ interactions at
                        $\sqrt{s}=0.9$ and 7 TeV measured with the ATLAS detector
                        at the LHC}",
      collaboration  = "ATLAS",
      journal        = "Phys. Rev.",
      volume         = "D85",
      year           = "2012",
      pages          = "012001",
      doi            = "10.1103/PhysRevD.85.012001",
      eprint         = "1111.1297",
      archivePrefix  = "arXiv",
      primaryClass   = "hep-ex",
      reportNumber   = "CERN-PH-EP-2011-168",
      SLACcitation   = "%%CITATION = ARXIV:1111.1297;%%"
}

@article{Aad:2016jkr,
      author         = "Aad, Georges and others",
      title          = "{Muon reconstruction performance of the ATLAS detector in
                        proton–proton collision data at $\sqrt{s}$ =13 TeV}",
      collaboration  = "ATLAS",
      journal        = "Eur. Phys. J.",
      volume         = "C76",
      year           = "2016",
      number         = "5",
      pages          = "292",
      doi            = "10.1140/epjc/s10052-016-4120-y",
      eprint         = "1603.05598",
      archivePrefix  = "arXiv",
      primaryClass   = "hep-ex",
      reportNumber   = "CERN-EP-2016-033",
      SLACcitation   = "%%CITATION = ARXIV:1603.05598;%%"
}

@techreport{Buttinger:2014726,
      author        = "Buttinger, William",
      title         = "{Using Event Weights to account for differences in
                       Instantaneous Luminosity and Trigger Prescale in Monte
                       Carlo and Data}",
      institution   = "CERN",
      address       = "Geneva",
      number        = "ATL-COM-SOFT-2015-119",
      month         = "May",
      year          = "2015",
      reportNumber  = "ATL-COM-SOFT-2015-119",
      url           = "https://cds.cern.ch/record/2014726",
}
@techreport{Catmore:1543445,
      author        = "Catmore, J and Elsing, M and Lipeles, E and Rousseau, D
                       and Vivarelli, I",
      title         = "{Report of the Analysis Model Study Group}",
      institution   = "CERN",
      address       = "Geneva",
      number        = "ATL-COM-SOFT-2013-005",
      month         = "Apr",
      year          = "2013",
      reportNumber  = "ATL-COM-SOFT-2013-005",
      url           = "https://cds.cern.ch/record/1543445",
}

  	
@article{1126-6708-2006-05-026,
  author={Torbjörn Sjöstrand and Stephen Mrenna and Peter Skands},
  title={PYTHIA 6.4 physics and manual},
  journal={Journal of High Energy Physics},
  volume={2006},
  number={05},
  pages={026},
  url={http://stacks.iop.org/1126-6708/2006/i=05/a=026},
  year={2006},
  abstract={The Pythia program can be used to generate high-energy-physics `events', i.e. sets of outgoing particles produced in the interactions between two incoming particles. The objective is to provide as accurate as possible a representation of event properties in a wide range of reactions, within and beyond the Standard Model, with emphasis on those where strong interactions play a rôle, directly or indirectly, and therefore multihadronic final states are produced. The physics is then not understood well enough to give an exact description; instead the program has to be based on a combination of analytical results and various QCD-based models. This physics input is summarized here, for areas such as hard subprocesses, initial- and final-state parton showers, underlying events and beam remnants, fragmentation and decays, and much more. Furthermore, extensive information is provided on all program elements: subroutines and functions, switches and parameters, and particle and process data. This should allow the user to tailor the generation task to the topics of interest. The code and further information may be found on the Pythia web page: http://www.thep.lu.se/~torbjorn/Pythia.html [http://www.thep.lu.se/~torbjorn/Pythia.html] .}
}

@techreport{Cornelissen:1020106,
      author        = "Cornelissen, T and Elsing, M and Fleischmann, S and
                       Liebig, W and Moyse, E and Salzburger, A",
      title         = "{Concepts, design and implementation of the ATLAS new
                       tracking (NEWT)}",
      institution   = "CERN",
      address       = "Geneva",
      number        = "ATL-SOFT-PUB-2007-007. ATL-COM-SOFT-2007-002",
      month         = "Mar",
      year          = "2007",
      reportNumber  = "ATL-SOFT-PUB-2007-007",
      url           = "https://cds.cern.ch/record/1020106",
}

@techreport{Che:2255680,
      author        = "Che, Siinn and Duarte-Campderros, Jorge and Gray, Heather
                       and Hsu, Shih-Chieh and Gan, K.K. and Lutz, Margaret Susan
                       and Pagan Griso, Simone and Pettersson, Nora Emilia and
                       Sogaard, Andreas",
      title         = "{Performance of the reconstruction of large impact
                       parameter tracks in the ATLAS inner detector}",
      institution   = "CERN",
      address       = "Geneva",
      number        = "ATL-COM-PHYS-2017-253",
      month         = "Mar",
      year          = "2017",
      reportNumber  = "ATL-COM-PHYS-2017-253",
      url           = "https://cds.cern.ch/record/2255680",
}
@Booklet{ATLAS-CONF-2010-005,
    author         = "{ATLAS Collaboration}",
    title          = "{Electron and photon reconstruction and identification in ATLAS: expected performance at high energy and results at $900\;\mbox{GeV}$}",
    howpublished   = "{ATLAS-CONF-2010-005}",
    url            = "https://cds.cern.ch/record/1273197",
    year           = "2010",
}
@techreport{ATLAS-CONF-2010-058,
      author         = "{ATLAS Collaboration}",
      title         = "{Mapping the material in the ATLAS Inner Detector using
                       secondary hadronic interactions in 7 TeV collisions}",
      institution   = "CERN",
      collaboration = "ATLAS Collaboration",
      address       = "Geneva",
      number        = "ATLAS-CONF-2010-058",
      month         = "Jul",
      year          = "2010",
      reportNumber  = "ATLAS-CONF-2010-058",
      url           = "https://cds.cern.ch/record/1281331",
}

@online{ElectronPhotonRun2,
      title       = "Electron and Photon Selection and Identification for Run2",
      url         = "https://twiki.cern.ch/twiki/bin/view/AtlasProtected/EGammaIdentificationRun2",
}

@online{MuonRun2,
      title       = "MCPAnalysisGuidelinesMC15",
      url         = "https://twiki.cern.ch/twiki/bin/view/AtlasProtected/MCPAnalysisGuidelinesMC15",
}
@techreport{Backhaus:2110260,
      author        = "Backhaus, Malte",
      title         = "{The upgraded Pixel Detector of the ATLAS Experiment for
                       Run2 at the Large Hadron Collider}",
      institution   = "CERN",
      collaboration = "ATLAS Collaboration",
      address       = "Geneva",
      number        = "ATL-INDET-PROC-2015-015",
      month         = "Dec",
      year          = "2015",
      reportNumber  = "ATL-INDET-PROC-2015-015",
      url           = "https://cds.cern.ch/record/2110260",
}

@article{Aaboud:2016poq,
      author         = "Aaboud, Morad and others",
      title          = "{A measurement of material in the ATLAS tracker using
                        secondary hadronic interactions in 7 TeV pp collisions}",
      collaboration  = "ATLAS",
      journal        = "JINST",
      volume         = "11",
      year           = "2016",
      number         = "11",
      pages          = "P11020",
      doi            = "10.1088/1748-0221/11/11/P11020",
      eprint         = "1609.04305",
      archivePrefix  = "arXiv",
      primaryClass   = "hep-ex",
      reportNumber   = "CERN-EP-2016-137",
      SLACcitation   = "%%CITATION = ARXIV:1609.04305;%%"
}

@techreport{Blackburn:1550730,
      author        = "Blackburn, D and Brau, B and Coccaro, A and Lubatti, HJ
                       and Pais, P and Pueschel, E and Russell, H and Ventura, D",
      title         = "{Search for long-lived, weakly-interacting particle that
                       decay to displaced hadronic jets in proton-proton
                       collisions at $\sqrt{s}$ = 8 TeV with the ATLAS detector}",
      institution   = "CERN",
      address       = "Geneva",
      number        = "ATL-COM-PHYS-2013-683",
      month         = "May",
      year          = "2013",
      reportNumber  = "ATL-COM-PHYS-2013-683",
      url           = "https://cds.cern.ch/record/1550730",
}
@techreport{Harris:1512932,
      author        = "Harris, O and Lubatti, H and Mastroberardino, A and
                       Rosten, R and Salvatore, D and Susinno, G and Verducci, M
                       and Watts, G",
      title         = "{Searches for long-lived neutral particles decaying into
                       heavy flavors in the hadronic calorimeter of ATLAS at
                       $\sqrt{s}$ = 8 TeV}",
      institution   = "CERN",
      address       = "Geneva",
      number        = "ATL-COM-PHYS-2013-113",
      month         = "Feb",
      year          = "2013",
      reportNumber  = "ATL-COM-PHYS-2013-113",
      url           = "https://cds.cern.ch/record/1512932",
      note          = "EdBoard for EXOT-2012-28: Shlomit Tarem,Irene
                       Vichou,Claudia Gemme,Masahiro Kuze.",
}
@article{Aad:2015rba,
      author         = "Aad, Georges and others",
      title          = "{Search for massive, long-lived particles using
                        multitrack displaced vertices or displaced lepton pairs in
                        pp collisions at $\sqrt{s}$ = 8 TeV with the ATLAS
                        detector}",
      collaboration  = "ATLAS",
      journal        = "Phys. Rev.",
      volume         = "D92",
      year           = "2015",
      number         = "7",
      pages          = "072004",
      doi            = "10.1103/PhysRevD.92.072004",
      eprint         = "1504.05162",
      archivePrefix  = "arXiv",
      primaryClass   = "hep-ex",
      reportNumber   = "CERN-PH-EP-2015-065",
      SLACcitation   = "%%CITATION = ARXIV:1504.05162;%%"
}

@article{Abazov:2006as,
      author         = "Abazov, V. M. and others",
      title          = "{Search for neutral, long-lived particles decaying into
                        two muons in $p \bar{p}$ collisions at $\sqrt{s}$ =
                        1.96-TeV}",
      collaboration  = "D0",
      journal        = "Phys. Rev. Lett.",
      volume         = "97",
      year           = "2006",
      pages          = "161802",
      doi            = "10.1103/PhysRevLett.97.161802",
      eprint         = "hep-ex/0607028",
      archivePrefix  = "arXiv",
      primaryClass   = "hep-ex",
      reportNumber   = "FERMILAB-PUB-06-245-E",
      SLACcitation   = "%%CITATION = HEP-EX/0607028;%%"
}
@article{Aad:2011zb,
      author         = "Aad, Georges and others",
      title          = "{Search for displaced vertices arising from decays of new
                        heavy particles in 7 TeV pp collisions at ATLAS}",
      collaboration  = "ATLAS",
      journal        = "Phys. Lett.",
      volume         = "B707",
      year           = "2012",
      pages          = "478-496",
      doi            = "10.1016/j.physletb.2011.12.057",
      eprint         = "1109.2242",
      archivePrefix  = "arXiv",
      primaryClass   = "hep-ex",
      reportNumber   = "CERN-PH-EP-2011-131",
      SLACcitation   = "%%CITATION = ARXIV:1109.2242;%%"
}
@article{Hewett:2004nw,
      author         = "Hewett, JoAnne L. and Lillie, Ben and Masip, Manuel and
                        Rizzo, Thomas G.",
      title          = "{Signatures of long-lived gluinos in split
                        supersymmetry}",
      journal        = "JHEP",
      volume         = "09",
      year           = "2004",
      pages          = "070",
      doi            = "10.1088/1126-6708/2004/09/070",
      eprint         = "hep-ph/0408248",
      archivePrefix  = "arXiv",
      primaryClass   = "hep-ph",
      reportNumber   = "SLAC-PUB-10630, UG-FT-166-04",
      SLACcitation   = "%%CITATION = HEP-PH/0408248;%%"
}
@article{Barbier:2004ez,
      author         = "Barbier, R. and others",
      title          = "{R-parity violating supersymmetry}",
      journal        = "Phys. Rept.",
      volume         = "420",
      year           = "2005",
      pages          = "1-202",
      doi            = "10.1016/j.physrep.2005.08.006",
      eprint         = "hep-ph/0406039",
      archivePrefix  = "arXiv",
      primaryClass   = "hep-ph",
      SLACcitation   = "%%CITATION = HEP-PH/0406039;%%"
}
@article{Han:2007ae,
      author         = "Han, Tao and Si, Zongguo and Zurek, Kathryn M. and
                        Strassler, Matthew J.",
      title          = "{Phenomenology of hidden valleys at hadron colliders}",
      journal        = "JHEP",
      volume         = "07",
      year           = "2008",
      pages          = "008",
      doi            = "10.1088/1126-6708/2008/07/008",
      eprint         = "0712.2041",
      archivePrefix  = "arXiv",
      primaryClass   = "hep-ph",
      reportNumber   = "MADPH-07-1502, SDU-HEP-071201, RUNHETC-2007-31",
      SLACcitation   = "%%CITATION = ARXIV:0712.2041;%%"
}
@article{Basso:2008iv,
      author         = "Basso, Lorenzo and Belyaev, Alexander and Moretti,
                        Stefano and Shepherd-Themistocleous, Claire H.",
      title          = "{Phenomenology of the minimal B-L extension of the
                        Standard model: Z' and neutrinos}",
      journal        = "Phys. Rev.",
      volume         = "D80",
      year           = "2009",
      pages          = "055030",
      doi            = "10.1103/PhysRevD.80.055030",
      eprint         = "0812.4313",
      archivePrefix  = "arXiv",
      primaryClass   = "hep-ph",
      reportNumber   = "SHEP-08-13",
      SLACcitation   = "%%CITATION = ARXIV:0812.4313;%%"
}
@article{ArkaniHamed:2004yi,
      author         = "Arkani-Hamed, N. and Dimopoulos, S. and Giudice, G. F.
                        and Romanino, A.",
      title          = "{Aspects of split supersymmetry}",
      journal        = "Nucl. Phys.",
      volume         = "B709",
      year           = "2005",
      pages          = "3-46",
      doi            = "10.1016/j.nuclphysb.2004.12.026",
      eprint         = "hep-ph/0409232",
      archivePrefix  = "arXiv",
      primaryClass   = "hep-ph",
      reportNumber   = "CERN-PH-TH-2004-183",
      SLACcitation   = "%%CITATION = HEP-PH/0409232;%%"
}
@techreport{Duarte-Campderros:2152010,
      author        = "Duarte-Campderros, Jorge and Motohashi, Kazuki and Ohm,
                       Christian and Otono, Hidetoshi and Pettersson, Nora Emilia
                       and Soffer, Abner and Oide, Hideyuki and Krauss, Dominik
                       and Lee, Lawrence and Roloff, Jennifer and Di Petrillo,
                       Karri Folan",
      title         = "{Search for long-lived, massive particles in events with
                       displaced vertices and missing transverse momentum in
                       $\sqrt{s} = 13$ TeV $pp$ collisions with the ATLAS
                       detector}",
      institution   = "CERN",
      address       = "Geneva",
      number        = "ATL-COM-PHYS-2016-508",
      month         = "May",
      year          = "2016",
      reportNumber  = "ATL-COM-PHYS-2016-508",
      url           = "https://cds.cern.ch/record/2152010",
}

@Article{SUSYAnalysisFramework,
      title       = "DVxAODAnalysis: Analysis framework for Run 2 DV analysis",
      url         = "https://gitlab.cern.ch/atlas-phys-susy-secondary-vertex/DV\_xAODAnalysis",
}








